<record><leader>00000cas a22000007a 4500</leader><controlfield tag="001">14108998</controlfield><controlfield tag="008">860819d18781945txuwr ne      0    0eng d</controlfield><datafield ind1=" " ind2=" " tag="010"><subfield code="a">sn 86088576 </subfield></datafield><datafield ind1=" " ind2=" " tag="040"><subfield code="a">PPM</subfield><subfield code="b">eng</subfield><subfield code="c">PPM</subfield><subfield code="d">OCLCQ</subfield></datafield><datafield ind1=" " ind2=" " tag="042"><subfield code="a">msc</subfield></datafield><datafield ind1="0" ind2="4" tag="245"><subfield code="a">The Clarendon news.</subfield></datafield><datafield ind1="3" ind2="0" tag="246"><subfield code="a">Clarendon news and Clarendon times combined</subfield></datafield><datafield ind1=" " ind2=" " tag="260"><subfield code="a">Clarendon, Tex. :</subfield><subfield code="b">J.M. Warren</subfield></datafield><datafield ind1=" " ind2=" " tag="300"><subfield code="a">v. :</subfield><subfield code="b">ill.</subfield></datafield><datafield ind1=" " ind2=" " tag="310"><subfield code="a">Weekly</subfield></datafield><datafield ind1="1" ind2=" " tag="362"><subfield code="a">Began in 1878? Ceased Nov. 1945.</subfield></datafield><datafield ind1=" " ind2=" " tag="500"><subfield code="a">Issued as "The Clarendon news and Clarendon times combined " Mar. 9-Apr. 15, 1911.</subfield></datafield><datafield ind1=" " ind2=" " tag="588"><subfield code="a">Description based on: Vol. 2, no. 3 (Aug. 2, 1879).</subfield></datafield><datafield ind1=" " ind2=" " tag="752"><subfield code="a">United States</subfield><subfield code="b">Texas</subfield><subfield code="c">Donley</subfield><subfield code="d">Clarendon.</subfield></datafield><datafield ind1="0" ind2="7" tag="785"><subfield code="t">Donley County leader</subfield><subfield code="w">(DLC)sn 86088971</subfield></datafield><datafield ind1="0" ind2="7" tag="785"><subfield code="t">Donley County leader and the Clarendon news</subfield><subfield code="w">(DLC)sn 86088972</subfield></datafield></record>